@article{blei2003latent,
  title={Latent dirichlet allocation},
  author={Blei, David M and Ng, Andrew Y and Jordan, Michael I},
  journal={Journal of machine Learning research},
  volume={3},
  number={Jan},
  pages={993--1022},
  year={2003}
}

@article{newman2009distributed,
  title={Distributed algorithms for topic models},
  author={Newman, David and Asuncion, Arthur and Smyth, Padhraic and Welling, Max},
  journal={Journal of Machine Learning Research},
  volume={10},
  number={Aug},
  pages={1801--1828},
  year={2009}
}

@inproceedings{qiu2014collapsed,
  title={Collapsed Gibbs sampling for latent Dirichlet allocation on spark},
  author={Qiu, Zhuolin and Wu, Bin and Wang, Bai and Shi, Chuan and Yu, Le},
  booktitle={Proceedings of the 3rd International Conference on Big Data, Streams and Heterogeneous Source Mining: Algorithms, Systems, Programming Models and Applications-Volume 36},
  pages={17--28},
  year={2014},
  organization={JMLR. org}
}

@article{griffiths2004finding,
  title={Finding scientific topics},
  author={Griffiths, Thomas L and Steyvers, Mark},
  journal={Proceedings of the National academy of Sciences},
  volume={101},
  number={suppl 1},
  pages={5228--5235},
  year={2004},
  publisher={National Acad Sciences}
}
